<record xmlns="http://www.loc.gov/MARC21/slim" xmlns:xsi="http://www.w3.org/2001/XMLSchema-instance" xsi:schemaLocation="http://www.loc.gov/MARC21/slim http://www.loc.gov/standards/marcxml/schema/MARC21slim.xsd"><leader>     nam a22        4500</leader><controlfield tag="001">3080528</controlfield><controlfield tag="003">NNC</controlfield><controlfield tag="006">m        d        </controlfield><controlfield tag="007">cr cn |||m|||a</controlfield><controlfield tag="008">150601s1932    ua      o     000 0 ara d</controlfield><datafield ind1=" " ind2=" " tag="040"><subfield code="a">NNU</subfield><subfield code="b">eng</subfield><subfield code="e">rda</subfield><subfield code="c">NNU</subfield></datafield><datafield ind1="0" ind2=" " tag="100"><subfield code="6">880-01</subfield><subfield code="a">Suyu&#772;t&#803;i&#772;,</subfield><subfield code="d">1445-1505.</subfield></datafield><datafield ind1="1" ind2="0" tag="245"><subfield code="6">880-02</subfield><subfield code="a">Tah&#803;di&#772;r al-khawa&#772;s&#803;s&#803; min aka&#772;dhi&#772;b al-qus&#803;s&#803;a&#772;s&#803; /</subfield><subfield code="c">lil-ima&#772;m Jala&#772;l al-Di&#772;n Abi&#772; al-Fad&#803;al &#699;Abd Al-Rah&#803;man Ibn Abi&#772; Bakr al-Suyu&#772;t&#803;i&#772;. </subfield></datafield><datafield ind1=" " ind2=" " tag="260"><subfield code="6">880-03</subfield><subfield code="a">al-Qa&#772;hirah :</subfield><subfield code="b">Mat&#803;ba&#699;at al-Ma&#699;a&#772;hid,</subfield><subfield code="c">1351 A.H. [1932]</subfield></datafield><datafield ind1=" " ind2=" " tag="300"><subfield code="a">online resource (84 pages)</subfield></datafield><datafield ind1=" " ind2=" " tag="336"><subfield code="a">text</subfield><subfield code="2">rdacontent</subfield></datafield><datafield ind1=" " ind2=" " tag="337"><subfield code="a">computer</subfield><subfield code="2">rdamedia</subfield></datafield><datafield ind1=" " ind2=" " tag="338"><subfield code="a">online resource</subfield><subfield code="2">rdacarrier</subfield></datafield><datafield ind1=" " ind2=" " tag="500"><subfield code="a">Part of the Arabic Collections Online (ACO) project, contributed by Columbia University Libraries.</subfield></datafield><datafield ind1=" " ind2=" " tag="533"><subfield code="a">Electronic reproduction.</subfield><subfield code="b">New York, N.Y. :</subfield><subfield code="c">New York University,</subfield><subfield code="d">2015.</subfield><subfield code="5">NNU</subfield></datafield><datafield ind1=" " ind2="0" tag="650"><subfield code="a">Hadith</subfield><subfield code="x">Evidences, authority, etc.</subfield></datafield><datafield ind1="2" ind2=" " tag="710"><subfield code="a">Columbia University.</subfield><subfield code="b">Libraries.</subfield></datafield><datafield ind1="0" ind2=" " tag="730"><subfield code="a">Arabic Collections Online.</subfield></datafield><datafield ind1="0" ind2="8" tag="776"><subfield code="i">Print version:</subfield><subfield code="a">Suyu&#772;t&#803;i&#772;, 1445-1505.</subfield><subfield code="t">Tah&#803;di&#772;r al-khawa&#772;s&#803;s&#803; min aka&#772;dhi&#772;b al-qus&#803;s&#803;a&#772;s&#803;</subfield><subfield code="w">(NNC)3080528</subfield><subfield code="w">(OCoLC)47924146</subfield></datafield><datafield ind1="4" ind2="0" tag="856"><subfield code="u">http://hdl.handle.net/2333.1/ksn02xmd</subfield></datafield><datafield ind1="0" ind2=" " tag="880"><subfield code="6">100-01/r</subfield><subfield code="a">&#1587;&#1610;&#1608;&#1591;&#1610;&#1548;</subfield><subfield code="d">1445-1505.</subfield></datafield><datafield ind1="1" ind2="0" tag="880"><subfield code="6">245-02/r</subfield><subfield code="a">&#1578;&#1581;&#1583;&#1610;&#1585; &#1575;&#1604;&#1582;&#1608;&#1575;&#1589; &#1605;&#1606; &#1575;&#1603;&#1575;&#1584;&#1610;&#1576; &#1575;&#1604;&#1602;&#1589;&#1575;&#1589; /</subfield><subfield code="c">&#1604;&#1604;&#1575;&#1605;&#1575;&#1605; &#1580;&#1604;&#1575;&#1604; &#1575;&#1604;&#1583;&#1610;&#1606; &#1575;&#1576;&#1610; &#1575;&#1604;&#1601;&#1590;&#1604; &#1593;&#1576;&#1583; &#1575;&#1604;&#1585;&#1581;&#1605;&#1606; &#1575;&#1576;&#1606; &#1575;&#1576;&#1610; &#1576;&#1603;&#1585; &#1575;&#1604;&#1587;&#1610;&#1608;&#1591;&#1610;. </subfield></datafield><datafield ind1=" " ind2=" " tag="880"><subfield code="6">260-03/r</subfield><subfield code="a">&#1575;&#1604;&#1602;&#1575;&#1607;&#1585;&#1577; :</subfield><subfield code="b">&#1605;&#1591;&#1576;&#1593;&#1577; &#1575;&#1604;&#1605;&#1593;&#1575;&#1607;&#1583;&#1548;</subfield><subfield code="c">1351 &#1575;.&#1607;. [1932]</subfield></datafield><datafield ind1=" " ind2=" " tag="959"><subfield code="a">NNU</subfield><subfield code="b">WEB</subfield><subfield code="c">GENI</subfield><subfield code="t">0</subfield><subfield code="m">Electronic access</subfield><subfield code="s">01</subfield></datafield><datafield ind1=" " ind2=" " tag="999"><subfield code="i">NNC_3080528</subfield><subfield code="o">(OCoLC)ocm47924146</subfield><subfield code="s">columbia_aco000557</subfield><subfield code="e">(ERROR-880)</subfield><subfield code="s">columbia_aco000557</subfield></datafield></record>